<collection xmlns="http://www.loc.gov/MARC21/slim">
<record>
  <leader>01589nam0a2200265 i 450 </leader>
  <controlfield tag="001">IT\ICCU\CNCE\041112</controlfield>
  <controlfield tag="005">20150605000000.0</controlfield>
  <datafield tag="012" ind1=" " ind2=" ">
    <subfield code="a">ila- iui: ,&amp;de l-to (C) 1592 (A)</subfield>
    <subfield code="2">fei</subfield>
    <subfield code="9">1</subfield>
  </datafield>
  <datafield tag="012" ind1=" " ind2=" ">
    <subfield code="a">o.s. s.1. a.ar g.ro (C) 1592 (A)</subfield>
    <subfield code="2">fei</subfield>
    <subfield code="9">2</subfield>
  </datafield>
  <datafield tag="012" ind1=" " ind2=" ">
    <subfield code="a">main i,e, ins- aiia (C) 1592 (A)</subfield>
    <subfield code="2">fei</subfield>
    <subfield code="9">3</subfield>
  </datafield>
  <datafield tag="100" ind1=" " ind2=" ">
    <subfield code="a">19981105d1592        0itac0103    ba</subfield>
  </datafield>
  <datafield tag="101" ind1=" " ind2=" ">
    <subfield code="a">ITA</subfield>
  </datafield>
  <datafield tag="102" ind1=" " ind2=" ">
    <subfield code="a">IT</subfield>
  </datafield>
  <datafield tag="200" ind1="1" ind2=" ">
    <subfield code="a">Corona delle nobili et virtuose donne ibro primo \-terzo!. Nel quale si dimostra in varij dissegni molte sorti di mostre di punti in aria, punti tagliati, punti a reticello, &amp; ancora di picciole; cosi per freggi, come per merli, &amp; rosette, che con l&apos;ago si vsano hoggid per tutta l&apos;Europa. Con alcune altre inuentioni di bauari all&apos;usanza venetiana</subfield>
  </datafield>
  <datafield tag="210" ind1=" " ind2=" ">
    <subfield code="a">In Venezia</subfield>
    <subfield code="c">appresso Cesare Vecellio</subfield>
    <subfield code="d">in Frezzaria nelle case de i preti</subfield>
    <subfield code="d">1592</subfield>
  </datafield>
  <datafield tag="215" ind1=" " ind2=" ">
    <subfield code="a">3 v.</subfield>
    <subfield code="c">in gran parte ill.</subfield>
    <subfield code="d">16ʻ obl</subfield>
  </datafield>
  <datafield tag="620" ind1=" " ind2=" ">
    <subfield code="a">IT</subfield>
    <subfield code="d">Venezia</subfield>
  </datafield>
  <datafield tag="700" ind1=" " ind2="1">
    <subfield code="a">Vecellio,</subfield>
    <subfield code="b">Cesare</subfield>
    <subfield code="3">IT\ICCU\CNCA\008850</subfield>
  </datafield>
  <datafield tag="712" ind1="0" ind2="0">
    <subfield code="a">Vecellio, Cesare</subfield>
    <subfield code="3">IT\ICCU\CNCT\003348</subfield>
    <subfield code="4">650</subfield>
  </datafield>
  <datafield tag="790" ind1=" " ind2="1">
    <subfield code="a">Vecelli,</subfield>
    <subfield code="b">Cesare</subfield>
    <subfield code="3">IT\ICCU\CNCA\024536</subfield>
    <subfield code="z">Vecellio, Cesare</subfield>
  </datafield>
  <datafield tag="791" ind1="0" ind2="0">
    <subfield code="a">Vicellio, Cesare</subfield>
    <subfield code="3">IT\ICCU\CNCT\003349</subfield>
    <subfield code="z">Vecellio, Cesare</subfield>
  </datafield>
  <datafield tag="801" ind1=" " ind2="3">
    <subfield code="a">IT</subfield>
    <subfield code="b">ICCU</subfield>
    <subfield code="c">20201114</subfield>
  </datafield>
  <datafield tag="899" ind1=" " ind2=" ">
    <subfield code="a">Biblioteca e archivio. Civica raccolta delle stampe Achille Bertarelli. Milano</subfield>
    <subfield code="1">MI0281</subfield>
    <subfield code="2">LO1 81</subfield>
  </datafield>
  <datafield tag="911" ind1=" " ind2=" ">
    <subfield code="a">Sul front.</subfield>
    <subfield code="9">IT\ICCU\CNCM\002678</subfield>
  </datafield>
  <datafield tag="921" ind1=" " ind2=" ">
    <subfield code="a">IT\ICCU\CNCM\002678</subfield>
    <subfield code="b">Uccello (serpentario) che guarda serpenti nel terreno. In cornice con due ricamatrici ai lati.</subfield>
    <subfield code="e">Voluptatum et malorum effetuu dissipatio.</subfield>
    <subfield code="c">U1191</subfield>
    <subfield code="f">UCCELLO</subfield>
    <subfield code="f">SERPENTI</subfield>
    <subfield code="f">RICAMATRIC</subfield>
    <subfield code="f">VOLUPTATUM</subfield>
    <subfield code="f">DISSIPATIO</subfield>
    <subfield code="g">1591-1592</subfield>
  </datafield>
</record>
</collection>
